@book{michurina,
	author = {},
	title = {Отраслевая, региональная и международная экономика: учебное пособие / Ф.З. Мичурина [и др.]; под. ред. Ф.З. Мичуриной; М-во с.-х. РФ, федеральное гос. бюджетное образов. учреждение высшего проф. образов. «Пермская гос. с.-х. акад. им. акад. Д.Н. Прянишникова»},
	date = {2015},
	publisher = {ИПЦ «Прокростъ»},
	location = {Пермь},
	pagetotal = {383},
	}
@book{,
	author = {},
	title = {},
	date = {},
	note = {},
	publisher = {Издательство Юрайт},
	location = {М.},
	pagetotal = {},
}
@book{,
	author = {},
	title = {},
	date = {},
	note = {},
	publisher = {Издательство Юрайт},
	location = {М.},
	pagetotal = {},
}
@book{,
	author = {},
	title = {},
	date = {},
	note = {},
	publisher = {Издательство Юрайт},
	location = {М.},
	pagetotal = {},
}
@book{,
	author = {},
	title = {},
	date = {},
	note = {},
	publisher = {Издательство Юрайт},
	location = {М.},
	pagetotal = {},
}
@book{,
	author = {},
	title = {},
	date = {},
	note = {},
	publisher = {Издательство Юрайт},
	location = {М.},
	pagetotal = {},
}
@book{,
	author = {},
	title = {},
	date = {},
	note = {},
	publisher = {Издательство Юрайт},
	location = {М.},
	pagetotal = {},
}
@book{,
	author = {},
	title = {},
	date = {},
	note = {},
	publisher = {Издательство Юрайт},
	location = {М.},
	pagetotal = {},
}
@book{,
	author = {},
	title = {},
	date = {},
	note = {},
	publisher = {Издательство Юрайт},
	location = {М.},
	pagetotal = {},
}
@book{,
	author = {},
	title = {},
	date = {},
	note = {},
	publisher = {Издательство Юрайт},
	location = {М.},
	pagetotal = {},
}
@book{,
	author = {},
	title = {},
	date = {},
	note = {},
	publisher = {Издательство Юрайт},
	location = {М.},
	pagetotal = {},
}

